%Um schöne Zitationsverweise zu bekommen muss man:
% 1) mit pdflatex übersetzen
% 2) mit Biber (evtl. auch BibTex) übersetzen
% 3) *nochmal* mit pdflatex übersetzen

% Bei TexMaker kann man unter Optionen->Texmaker konfigurieren -> schnelles Übersetzen	den Default-Ablauf ändern, dann muss man nicht immer alles von Hand 3 mal übersetzen


% in den Autoren *kein* Komma verwenden, sondern Keyword "and"
% @<Typ> und Felder innerhalb s. https://www.overleaf.com/learn/latex/bibliography_management_with_bibtex

% NAS-Unet
@article{nasunetPaper,
  title = {NAS-Unet: Neural Architecture Search for Medical Image Segmentation}, 
  author = {Yu Weng and Tianbao Zhou and Yujie Li and Xiaoyu Qiu}, 
  year = {2019},
  url = {https://www.researchgate.net/publication/332216927_NAS-Unet_Neural_Architecture_Search_for_Medical_Image_Segmentation}
}

@misc{nasunetGithub,
title = {NAS-Unet Github Repository},
url={https://github.com/tianbaochou/NasUnet}
}

% Deeplab
@article{autodeeplabPaper,
  title = {Auto-DeepLab: Hierarchical Neural Architecture Search for Semantic Image Segmentation}, 
  author = {Chenxi Liu and Liang-Chieh Chen and Florian Schroff and Hartwig Adam and Wei Hua and Alan Yuille and Li Fei-Fei}, 
  year = {2019},
  url = {https://arxiv.org/pdf/1901.02985.pdf}
}
@misc{deeplabGithub,
title = {Deeplab Github Repository},
url={https://github.com/tensorflow/models/tree/master/research/deeplab}
}


% nnUNet
@article{nnunetPaper,
  title = {nnU-Unet: Self-adapting Framework for U-Net-Based Medical Image Segmentation}, 
  author = {Fabian Isensee and Jens Petersen and Andre Klein and David Zimmerer and Paul F. Jaeger and Simon Kohl and Jakob Wasserthal and Gregor Köhler and Tobias Norajitra and Sebastian Wirkert and Klaus H. Maier-Hein}, 
  year = {2018},
  url = {https://arxiv.org/pdf/1809.10486.pdf}
}
@misc{nnunetGithub,
title = {nnU-Net Github Repository},
url={https://github.com/MIC-DKFZ/nnUNet}
}




%%%%%%%%%%%%%%%%%%%%%%%%%%%%%%%%%%%%%%%%%%%%%%%%%%%%%%%%%%%%%%%%%%%%%




% Unser Github
@misc{autoMLGithub,
title = {AutoML für Segmentierung - Github Repository},
author = {Milan Blunk and Pia Nümann and Matthias Wolff},
url={https://github.com/pian001/AutoML_Projektseminar_Segmentierung}
}



%%%%%%%%%%%%%%%%%%%%%%%%%%%%%%%%%%%%%%%%%%%%%%%%%%%%%%%%%%%%%%%%%%%%%




% Datensätze
@misc{pascalvoc12,
title = {Pascal VOC 2012 Datensatz},
url={http://host.robots.ox.ac.uk/pascal/VOC/voc2012/index.html}
}
@misc{msdChallenge,
title = {Medical Segmentation Decathlon},
url={http://medicaldecathlon.com/}
}
% Retina 2D Link?
% eigene Datensätze auch verlinken?
